<?xml version="1.0" encoding="UTF-8"?>
  <record xmlns="http://www.loc.gov/MARC21/slim" type="Authority">
    <leader>00000nz  a2200000nc 4500</leader>
    <controlfield tag="001">118683527</controlfield>
    <controlfield tag="003">DE-101</controlfield>
    <controlfield tag="005">20210706091207.0</controlfield>
    <controlfield tag="008">880701n||azznnaabn           | aaa    |c</controlfield>
    <datafield tag="024" ind1="7" ind2=" ">
      <subfield code="a">118683527</subfield>
      <subfield code="0">http://d-nb.info/gnd/118683527</subfield>
      <subfield code="2">gnd</subfield>
    </datafield>
    <datafield tag="035" ind1=" " ind2=" ">
      <subfield code="a">(DE-101)118683527</subfield>
    </datafield>
    <datafield tag="035" ind1=" " ind2=" ">
      <subfield code="a">(DE-588)118683527</subfield>
    </datafield>
    <datafield tag="035" ind1=" " ind2=" ">
      <subfield code="z">(DE-588a)118683527</subfield>
      <subfield code="9">v:zg</subfield>
    </datafield>
    <datafield tag="035" ind1=" " ind2=" ">
      <subfield code="z">(DE-588c)4091633-9</subfield>
      <subfield code="9">v:zg</subfield>
    </datafield>
    <datafield tag="040" ind1=" " ind2=" ">
      <subfield code="a">DE-101</subfield>
      <subfield code="c">DE-101</subfield>
      <subfield code="9">r:DE-101</subfield>
      <subfield code="b">ger</subfield>
      <subfield code="d">0014</subfield>
      <subfield code="e">rda</subfield>
    </datafield>
    <datafield tag="042" ind1=" " ind2=" ">
      <subfield code="a">gnd1</subfield>
    </datafield>
    <datafield tag="043" ind1=" " ind2=" ">
      <subfield code="c">XA-DE</subfield>
    </datafield>
    <datafield tag="065" ind1=" " ind2=" ">
      <subfield code="a">2.2p</subfield>
      <subfield code="2">sswd</subfield>
    </datafield>
    <datafield tag="075" ind1=" " ind2=" ">
      <subfield code="b">p</subfield>
      <subfield code="2">gndgen</subfield>
    </datafield>
    <datafield tag="075" ind1=" " ind2=" ">
      <subfield code="b">piz</subfield>
      <subfield code="2">gndspec</subfield>
    </datafield>
    <datafield tag="079" ind1=" " ind2=" ">
      <subfield code="a">g</subfield>
      <subfield code="q">a</subfield>
      <subfield code="q">d</subfield>
      <subfield code="q">f</subfield>
      <subfield code="q">g</subfield>
      <subfield code="q">h</subfield>
      <subfield code="q">s</subfield>
      <subfield code="q">z</subfield>
      <subfield code="u">v</subfield>
      <subfield code="u">r</subfield>
      <subfield code="u">w</subfield>
      <subfield code="u">k</subfield>
      <subfield code="u">o</subfield>
    </datafield>
    <datafield tag="100" ind1="1" ind2=" ">
      <subfield code="a">Feyerabend, Sigmund</subfield>
      <subfield code="d">1528-1590</subfield>
    </datafield>
    <datafield tag="375" ind1=" " ind2=" ">
      <subfield code="a">1</subfield>
      <subfield code="2">iso5218</subfield>
    </datafield>
    <datafield tag="400" ind1="1" ind2=" ">
      <subfield code="a">Feyerabend, Sigismundus</subfield>
      <subfield code="d">1528-1590</subfield>
    </datafield>
    <datafield tag="400" ind1="1" ind2=" ">
      <subfield code="a">Feyerabend, Sigmundt</subfield>
      <subfield code="d">1528-1590</subfield>
    </datafield>
    <datafield tag="400" ind1="1" ind2=" ">
      <subfield code="a">Feyrabend, Sigismundus</subfield>
      <subfield code="d">1528-1590</subfield>
    </datafield>
    <datafield tag="400" ind1="1" ind2=" ">
      <subfield code="a">Feyrabendius, Sigismundus</subfield>
      <subfield code="d">1528-1590</subfield>
    </datafield>
    <datafield tag="400" ind1="1" ind2=" ">
      <subfield code="a">Feyerabendt, Sigismund</subfield>
      <subfield code="d">1528-1590</subfield>
    </datafield>
    <datafield tag="400" ind1="1" ind2=" ">
      <subfield code="a">Feyerabent, Sigmundt</subfield>
      <subfield code="d">1528-1590</subfield>
    </datafield>
    <datafield tag="400" ind1="1" ind2=" ">
      <subfield code="a">Feyerabendt, Sigmund Carl</subfield>
      <subfield code="d">1528-1590</subfield>
    </datafield>
    <datafield tag="400" ind1="1" ind2=" ">
      <subfield code="a">Feyrabendt, Sigismundus</subfield>
      <subfield code="d">1528-1590</subfield>
    </datafield>
    <datafield tag="400" ind1="1" ind2=" ">
      <subfield code="a">Feyrabent, Sigmund</subfield>
      <subfield code="d">1528-1590</subfield>
    </datafield>
    <datafield tag="400" ind1="1" ind2=" ">
      <subfield code="a">Feierabenius, Sigismundus</subfield>
      <subfield code="d">1528-1590</subfield>
    </datafield>
    <datafield tag="400" ind1="1" ind2=" ">
      <subfield code="a">Feirabenius, Sigismundus</subfield>
      <subfield code="d">1528-1590</subfield>
    </datafield>
    <datafield tag="400" ind1="1" ind2=" ">
      <subfield code="a">Feyerabenius, Sigismundus</subfield>
      <subfield code="d">1528-1590</subfield>
    </datafield>
    <datafield tag="400" ind1="1" ind2=" ">
      <subfield code="a">Feierabend, Sigmund</subfield>
      <subfield code="d">1528-1590</subfield>
    </datafield>
    <datafield tag="400" ind1="1" ind2=" ">
      <subfield code="a">Feierabendt, Sigmund</subfield>
      <subfield code="d">1528-1590</subfield>
    </datafield>
    <datafield tag="400" ind1="1" ind2=" ">
      <subfield code="a">Feierabent, Sigmund</subfield>
      <subfield code="d">1528-1590</subfield>
    </datafield>
    <datafield tag="400" ind1="1" ind2=" ">
      <subfield code="a">Feierabet, Sigmund</subfield>
      <subfield code="d">1528-1590</subfield>
    </datafield>
    <datafield tag="400" ind1="1" ind2=" ">
      <subfield code="a">Feirabend, Sigmund</subfield>
      <subfield code="d">1528-1590</subfield>
    </datafield>
    <datafield tag="400" ind1="1" ind2=" ">
      <subfield code="a">Feirabend, Sigismund</subfield>
      <subfield code="d">1528-1590</subfield>
    </datafield>
    <datafield tag="400" ind1="1" ind2=" ">
      <subfield code="a">Feirabent, Sigismund</subfield>
      <subfield code="d">1528-1590</subfield>
    </datafield>
    <datafield tag="400" ind1="1" ind2=" ">
      <subfield code="a">Feirabent, Sigmund</subfield>
      <subfield code="d">1528-1590</subfield>
    </datafield>
    <datafield tag="400" ind1="1" ind2=" ">
      <subfield code="a">Feirabendius, Sigismundus</subfield>
      <subfield code="d">1528-1590</subfield>
    </datafield>
    <datafield tag="400" ind1="1" ind2=" ">
      <subfield code="a">Fierabent, Sigismund</subfield>
      <subfield code="d">1528-1590</subfield>
    </datafield>
    <datafield tag="400" ind1="0" ind2=" ">
      <subfield code="a">S. F.</subfield>
      <subfield code="d">1528-1590</subfield>
    </datafield>
    <datafield tag="400" ind1="1" ind2=" ">
      <subfield code="a">Feyerabend, Siegmund</subfield>
      <subfield code="d">1528-1590</subfield>
    </datafield>
    <datafield tag="400" ind1="1" ind2=" ">
      <subfield code="a">Feyrabend, Sigmund</subfield>
      <subfield code="d">1528-1590</subfield>
    </datafield>
    <datafield tag="400" ind1="1" ind2=" ">
      <subfield code="a">Feyrabend, Siegmund</subfield>
      <subfield code="d">1528-1590</subfield>
    </datafield>
    <datafield tag="400" ind1="1" ind2=" ">
      <subfield code="a">Feyrabend, Sigmundt</subfield>
      <subfield code="d">1528-1590</subfield>
    </datafield>
    <datafield tag="400" ind1="1" ind2=" ">
      <subfield code="a">Feyrabendius, Sigismondus</subfield>
      <subfield code="d">1528-1590</subfield>
    </datafield>
    <datafield tag="400" ind1="1" ind2=" ">
      <subfield code="a">Feyrabendius, Sigmund</subfield>
      <subfield code="d">1528-1590</subfield>
    </datafield>
    <datafield tag="400" ind1="1" ind2=" ">
      <subfield code="a">Feyerabendt, Sigmund</subfield>
      <subfield code="d">1528-1590</subfield>
    </datafield>
    <datafield tag="400" ind1="1" ind2=" ">
      <subfield code="a">Feyerabendt, Siegmund</subfield>
      <subfield code="d">1528-1590</subfield>
    </datafield>
    <datafield tag="400" ind1="1" ind2=" ">
      <subfield code="a">Feyerabendt, Sigmundt</subfield>
      <subfield code="d">1528-1590</subfield>
    </datafield>
    <datafield tag="400" ind1="1" ind2=" ">
      <subfield code="a">Feyrabendt, Sigmund</subfield>
      <subfield code="d">1528-1590</subfield>
    </datafield>
    <datafield tag="400" ind1="1" ind2=" ">
      <subfield code="a">Feyrabendt, Sigmunde</subfield>
      <subfield code="d">1528-1590</subfield>
    </datafield>
    <datafield tag="400" ind1="1" ind2=" ">
      <subfield code="a">Feyrabendt, Sigmundt</subfield>
      <subfield code="d">1528-1590</subfield>
    </datafield>
    <datafield tag="400" ind1="1" ind2=" ">
      <subfield code="a">Feyerabendius, Sigismundus</subfield>
      <subfield code="d">1528-1590</subfield>
    </datafield>
    <datafield tag="400" ind1="1" ind2=" ">
      <subfield code="a">Feyerabend, Sigismund</subfield>
      <subfield code="d">1528-1590</subfield>
    </datafield>
    <datafield tag="400" ind1="1" ind2=" ">
      <subfield code="a">Feyerabent, Sigismundus</subfield>
      <subfield code="d">1528-1590</subfield>
    </datafield>
    <datafield tag="500" ind1="1" ind2=" ">
      <subfield code="0">(DE-101)135982790</subfield>
      <subfield code="0">(DE-588)135982790</subfield>
      <subfield code="0">https://d-nb.info/gnd/135982790</subfield>
      <subfield code="a">Feyerabend, Hieronymus</subfield>
      <subfield code="d">1563-1581</subfield>
      <subfield code="4">bezf</subfield>
      <subfield code="4">https://d-nb.info/standards/elementset/gnd#familialRelationship</subfield>
      <subfield code="w">r</subfield>
      <subfield code="i">Beziehung familiaer</subfield>
      <subfield code="e">Beziehung familiaer</subfield>
      <subfield code="9">v:Sohn</subfield>
    </datafield>
    <datafield tag="500" ind1="1" ind2=" ">
      <subfield code="0">(DE-101)1199587516</subfield>
      <subfield code="0">(DE-588)1199587516</subfield>
      <subfield code="0">https://d-nb.info/gnd/1199587516</subfield>
      <subfield code="a">Feyerabend von Bruck, Carl Sigmund</subfield>
      <subfield code="d">1574-1609</subfield>
      <subfield code="4">bezf</subfield>
      <subfield code="4">https://d-nb.info/standards/elementset/gnd#familialRelationship</subfield>
      <subfield code="w">r</subfield>
      <subfield code="i">Beziehung familiaer</subfield>
      <subfield code="e">Beziehung familiaer</subfield>
      <subfield code="9">v:Sohn</subfield>
    </datafield>
    <datafield tag="510" ind1="2" ind2=" ">
      <subfield code="0">(DE-101)1004500432</subfield>
      <subfield code="0">(DE-588)6146392-9</subfield>
      <subfield code="0">https://d-nb.info/gnd/6146392-9</subfield>
      <subfield code="a">Sigmund Feyerabend Erben</subfield>
      <subfield code="4">rela</subfield>
      <subfield code="4">https://d-nb.info/standards/elementset/gnd#relatedCorporateBody</subfield>
      <subfield code="w">r</subfield>
      <subfield code="i">Relation allgemein</subfield>
      <subfield code="e">Relation allgemein</subfield>
      <subfield code="9">v:weiterführender Betrieb</subfield>
    </datafield>
    <datafield tag="548" ind1=" " ind2=" ">
      <subfield code="a">1528-1590</subfield>
      <subfield code="4">datl</subfield>
      <subfield code="4">https://d-nb.info/standards/elementset/gnd#dateOfBirthAndDeath</subfield>
      <subfield code="w">r</subfield>
      <subfield code="i">Lebensdaten</subfield>
    </datafield>
    <datafield tag="550" ind1=" " ind2=" ">
      <subfield code="0">(DE-101)041383435</subfield>
      <subfield code="0">(DE-588)4138343-6</subfield>
      <subfield code="0">https://d-nb.info/gnd/4138343-6</subfield>
      <subfield code="a">Verleger</subfield>
      <subfield code="4">berc</subfield>
      <subfield code="4">https://d-nb.info/standards/elementset/gnd#professionOrOccupation</subfield>
      <subfield code="w">r</subfield>
      <subfield code="i">Charakteristischer Beruf</subfield>
    </datafield>
    <datafield tag="550" ind1=" " ind2=" ">
      <subfield code="0">(DE-101)040130916</subfield>
      <subfield code="0">(DE-588)4013091-5</subfield>
      <subfield code="0">https://d-nb.info/gnd/4013091-5</subfield>
      <subfield code="a">Drucker</subfield>
      <subfield code="4">beru</subfield>
      <subfield code="4">https://d-nb.info/standards/elementset/gnd#professionOrOccupation</subfield>
      <subfield code="w">r</subfield>
      <subfield code="i">Beruf</subfield>
    </datafield>
    <datafield tag="550" ind1=" " ind2=" ">
      <subfield code="0">(DE-101)041605322</subfield>
      <subfield code="0">(DE-588)4160532-9</subfield>
      <subfield code="0">https://d-nb.info/gnd/4160532-9</subfield>
      <subfield code="a">Holzschneider</subfield>
      <subfield code="4">beru</subfield>
      <subfield code="4">https://d-nb.info/standards/elementset/gnd#professionOrOccupation</subfield>
      <subfield code="w">r</subfield>
      <subfield code="i">Beruf</subfield>
    </datafield>
    <datafield tag="551" ind1=" " ind2=" ">
      <subfield code="0">(DE-101)040239969</subfield>
      <subfield code="0">(DE-588)4023996-2</subfield>
      <subfield code="0">https://d-nb.info/gnd/4023996-2</subfield>
      <subfield code="a">Heidelberg</subfield>
      <subfield code="4">ortg</subfield>
      <subfield code="4">https://d-nb.info/standards/elementset/gnd#placeOfBirth</subfield>
      <subfield code="w">r</subfield>
      <subfield code="i">Geburtsort</subfield>
    </datafield>
    <datafield tag="551" ind1=" " ind2=" ">
      <subfield code="0">(DE-101)040181189</subfield>
      <subfield code="0">(DE-588)4018118-2</subfield>
      <subfield code="0">https://d-nb.info/gnd/4018118-2</subfield>
      <subfield code="a">Frankfurt am Main</subfield>
      <subfield code="4">orts</subfield>
      <subfield code="4">https://d-nb.info/standards/elementset/gnd#placeOfDeath</subfield>
      <subfield code="w">r</subfield>
      <subfield code="i">Sterbeort</subfield>
    </datafield>
    <datafield tag="551" ind1=" " ind2=" ">
      <subfield code="0">(DE-101)040181189</subfield>
      <subfield code="0">(DE-588)4018118-2</subfield>
      <subfield code="0">https://d-nb.info/gnd/4018118-2</subfield>
      <subfield code="a">Frankfurt am Main</subfield>
      <subfield code="4">ortw</subfield>
      <subfield code="4">https://d-nb.info/standards/elementset/gnd#placeOfActivity</subfield>
      <subfield code="w">r</subfield>
      <subfield code="i">Wirkungsort</subfield>
      <subfield code="9">Z:1559-1590</subfield>
    </datafield>
    <datafield tag="667" ind1=" " ind2=" ">
      <subfield code="a">12</subfield>
    </datafield>
    <datafield tag="667" ind1=" " ind2=" ">
      <subfield code="a">7</subfield>
    </datafield>
    <datafield tag="667" ind1=" " ind2=" ">
      <subfield code="a">VD-17</subfield>
    </datafield>
    <datafield tag="667" ind1=" " ind2=" ">
      <subfield code="a">DBSM</subfield>
    </datafield>
    <datafield tag="667" ind1=" " ind2=" ">
      <subfield code="a">VD-16</subfield>
    </datafield>
    <datafield tag="670" ind1=" " ind2=" ">
      <subfield code="a">CERL-Thesaurus</subfield>
    </datafield>
    <datafield tag="670" ind1=" " ind2=" ">
      <subfield code="a">M</subfield>
    </datafield>
    <datafield tag="670" ind1=" " ind2=" ">
      <subfield code="a">Benzing (Verleger), Sp. 1129/1130</subfield>
    </datafield>
    <datafield tag="672" ind1=" " ind2="0">
      <subfield code="a">Nicephorus Callistus: Ecclesiasticae historiae. 1588. (VD16 N 1441)</subfield>
    </datafield>
    <datafield tag="672" ind1=" " ind2="0">
      <subfield code="a">Amman, Jost: Künstliche, schöne und wohlgerissene Figuren der vornehmsten Evangelien durch das ganze Jahr. 1578/(1571). (VD16 ZV 525)</subfield>
    </datafield>
    <datafield tag="672" ind1=" " ind2="0">
      <subfield code="a">Feyerabend, Sigmund: CORPVS SELECTORVM TRACTATVVM DE PIGNORIBVS ET HYPOTHECIS, COLLECTVM EX PRAESTANTISSIMIS ... 1586. (VD16 F 899)</subfield>
    </datafield>
    <datafield tag="672" ind1=" " ind2="0">
      <subfield code="a">Feyerabend, Sigmund: THEATRVM Diabolorum, Das ist: Warhaffte eigentliche vnd kurtze Beschreibung Allerley ... 1575. (VD16 F 905)</subfield>
    </datafield>
    <datafield tag="672" ind1=" " ind2="0">
      <subfield code="a">Ruff, Jakob: Hebammen Buch Daraus man alle Heimligkeit deß Weiblichen Geschlechts erlehrnen ... Auch ... 1580. (VD16 R 3577)</subfield>
    </datafield>
    <datafield tag="672" ind1=" " ind2="0">
      <subfield code="a">Feyerabend, Sigmund: THEATRVM Diabolorum, Das ist: Ein Sehr Nũtzliches verstenndiges Buch darauß ein ... 1569. (VD16 F 904)</subfield>
    </datafield>
    <datafield tag="672" ind1=" " ind2="0">
      <subfield code="a">Feyerabend, Sigmund: Reyßbuch deß heyligen Lands Das ist Ein grundtliche beschreibung aller vnd jeder Meer ... 1584. (VD16 F 902)</subfield>
    </datafield>
    <datafield tag="672" ind1=" " ind2="0">
      <subfield code="a">Feyerabend, Sigmund: Stamm und Wappenbuch hochs und nieders Stands ... 1589. (VD16 ZV 5824)</subfield>
    </datafield>
    <datafield tag="672" ind1=" " ind2="0">
      <subfield code="a">Feyerabend, Sigmund: Stam vnd Wapenbuch hochs vnd niders Stands. Darinnen der Roemischen Keys.Mt.deß heiligen ... 1579. (VD16 F 903)</subfield>
    </datafield>
    <datafield tag="672" ind1=" " ind2="0">
      <subfield code="a">Plutarchus: De viris clarissimis liber. 1580. (VD16 ZV 24740)</subfield>
    </datafield>
    <datafield tag="672" ind1=" " ind2="0">
      <subfield code="a">Feyerabend, Sigmund: Reisebuch deß heyligen Land's</subfield>
      <subfield code="f">1584</subfield>
    </datafield>
    <datafield tag="672" ind1=" " ind2="0">
      <subfield code="a">Ovidius Naso, Publius: Verwandlungen</subfield>
      <subfield code="f">1581</subfield>
    </datafield>
    <datafield tag="672" ind1=" " ind2="0">
      <subfield code="a">Amman, Jost: Kunstbüchlein</subfield>
      <subfield code="f">1599</subfield>
    </datafield>
    <datafield tag="672" ind1=" " ind2="0">
      <subfield code="a">Feyerabend, Sigmund: Reyßbuch deß heyligen Lands, das ist, Beschreibung aller und jeder M*</subfield>
      <subfield code="f">1584</subfield>
    </datafield>
    <datafield tag="672" ind1=" " ind2="0">
      <subfield code="a">Feyerabend, Sigmund: Reyßbuch deß heyligen Lands, das ist, Beschreibung aller vnd jeder M*</subfield>
    </datafield>
    <datafield tag="672" ind1=" " ind2="0">
      <subfield code="a">Feyerabend, Sigmund: Stamm- und Wapenbuch hochs und niedern Standts, darinnen der Römisch*</subfield>
      <subfield code="f">1579</subfield>
    </datafield>
    <datafield tag="672" ind1=" " ind2="0">
      <subfield code="a">Monumenta illustrium per Italiam, Galliam, Germaniam ... virorum</subfield>
      <subfield code="f">1585</subfield>
    </datafield>
    <datafield tag="672" ind1=" " ind2="0">
      <subfield code="a">Kirchen-Gesang, So bey der predigt deß Göttlichen Worts und außspendung der h. Sacrament *</subfield>
      <subfield code="f">1584</subfield>
    </datafield>
    <datafield tag="672" ind1=" " ind2="0">
      <subfield code="a">Geschlechterbuch der Löblichen Kayserlichen Reichs-Stadt Augspurg</subfield>
      <subfield code="f">1580</subfield>
    </datafield>
    <datafield tag="678" ind1=" " ind2=" ">
      <subfield code="b">Aus Heidelberg; gelernter Formschneider, seit 1559 in Frankfurt am Main, wo er der bedeutendste Verleger wurde. Öfters verband er sich mit Druckern oder Verlegern zu Verlagsgemeinschaften, z.B. 1560-1562 mit David Zöpfel und Johann Rasch, oder 1562-1569 mit Georg Rab und Weigand Han Erben zur sog. "Cumpanei", 1563-1568 mit Simon Hüter, 1579 mit Georg Fischer, 1585-1589 mit Peter Fischer und Heinrich Tack. Auch verlegte er ab 1568 mehrere Jahre lang unter dem Namen seines Sohnes Hieronymus (1563-1581) einige Werke, auch einmal zusammen mit Bernhard Jobin 1572. Unter seinen Erben bzw. seinem Sohn Karl Sigmund (gest. 1609) florierte das Verlagsgeschäft noch bis ungefähr 1600, um dann in andere Hände (Ruland und Elias Willer) überzugehen (Quelle: CERL-Thesaurus)</subfield>
    </datafield>
    <datafield tag="913" ind1=" " ind2=" ">
      <subfield code="S">pnd</subfield>
      <subfield code="i">a</subfield>
      <subfield code="a">Feyerabend, Sigmund</subfield>
      <subfield code="0">(DE-588a)118683527</subfield>
    </datafield>
  </record>
